<record xmlns="http://www.loc.gov/MARC21/slim" xmlns:xsi="http://www.w3.org/2001/XMLSchema-instance" xsi:schemaLocation="http://www.loc.gov/MARC21/slim http://www.loc.gov/standards/marcxml/schema/MARC21slim.xsd">

  <leader>00868nam a2200265Ia 4500</leader>
  <datafield tag="090" ind1=" " ind2=" ">
    <subfield code="a">CD # 151</subfield>
  </datafield>
  <datafield ind2=" " ind1=" " tag="110">
    <subfield code="a">Ministerio de Cultura Juventud y Deportes. Consejo Nacional de Política Pública de la Persona Joven</subfield>
  </datafield>
  <datafield ind2=" " ind1=" " tag="245">
    <subfield code="a">1era Encuesta nacional de juventud /</subfield>
    <subfield code="c">Ministerio de Cultura Juventud y Deportes. Consejo Nacional de Política Pública de la Persona Joven</subfield>
  </datafield>
  <datafield tag="260" ind1=" " ind2=" ">
    <subfield code="a">San José, Costa Rica : </subfield>
    <subfield code="b">Fondo de Población de las Naciones, </subfield>
    <subfield code="c">2007</subfield>
  </datafield>
  <datafield ind1=" " tag="300" ind2=" ">
    <subfield code="a">Disco compacto</subfield>
  </datafield>
  <datafield ind2=" " tag="500" ind1=" ">
    <subfield code="a">Incluye disco compacto con documento en PDF</subfield>
  </datafield>
  <datafield tag="650" ind1=" " ind2=" ">
    <subfield code="a">ENCUESTA</subfield>
  </datafield>
  <datafield ind2=" " ind1=" " tag="650">
    <subfield code="a">JUVENTUD</subfield>
  </datafield>
  <datafield ind1=" " tag="650" ind2=" ">
    <subfield code="a">ESTADÍSTICAS SOCIALES</subfield>
  </datafield>
  <datafield ind1=" " tag="650" ind2=" ">
    <subfield code="a">FAMILIA</subfield>
  </datafield>
  <datafield ind2=" " tag="650" ind1=" ">
    <subfield code="a">SEXUALIDAD</subfield>
  </datafield>
  <datafield ind1=" " tag="650" ind2=" ">
    <subfield code="a">EDUCACIÓN</subfield>
  </datafield>
  <datafield ind2=" " tag="650" ind1=" ">
    <subfield code="a">TRABAJO</subfield>
  </datafield>
  <datafield ind2=" " tag="650" ind1=" ">
    <subfield code="a">MIGRACIÓN</subfield>
  </datafield>
  <datafield ind2=" " tag="650" ind1=" ">
    <subfield code="a">SOCIEDAD</subfield>
  </datafield>
  <datafield tag="942" ind1=" " ind2=" ">
    <subfield code="p">003449 </subfield>
  </datafield>
  <datafield ind2=" " ind1=" " tag="942">
    <subfield code="p">003450</subfield>
  </datafield>
  <datafield ind2=" " ind1=" " tag="942">
    <subfield code="p">003451 </subfield>
  </datafield>
  <datafield ind1=" " tag="942" ind2=" ">
    <subfield code="p">003452  </subfield>
  </datafield>
  <datafield ind1=" " tag="999" ind2=" ">
    <subfield code="c">2422</subfield>
    <subfield code="d">2422</subfield>
  </datafield>
</record>